@article {
	Lorenz,
	title = {Deterministic nonperiodic flow},
	author = {Lorenz, Edward N},
	journal = {Journal of the atmospheric sciences},
	volume = {20},
	number = {2},
	pages = {130--141},
	year = {1963}
}

@book {
	HSD,
	author = {Hirsch, Morris W. and Smale, Stephen and Devaney, Robert L.},
	title = {Differential Equations, Dynamical Systems \& An Introduction to Chaos},
	publisher = {Elsevier},
	year = {2004},
	pages = {303--327}
}

@article {
	MM,
	author = {Mischaikow, Konstantin and Mrozek, Marian},
	title = {{Chaos in the Lorenz Equations: a Computer Assisted Proof}},
	journal = {Bulletin of the American Mathematical Society},
	pages = {66--72},
	year = {1995}
}

@article {
	MMS,
	author = {Mischaikow, Konstantin and Mrozek, Marian and Szymczak, Andrzej},
	title = {{Chaos in the Lorenz Equations: a Computer Assisted Proof; Part III: Classical Parameter Values}},
	journal = {Journal of Differential Equations},
	pages = {17--56},
	year = {2001}
}

@article {
	GW,
	author = {Guckenheimer, John and Williams, Robert F.},
	title = {Structural stability of Lorenz attractors},
	journal = {Publications Math{\'e}matiques de I'IH{\'E}S},
	volume = {50},
	pages = {59--72},
	year = {1979}
}

@article {
	Tucker,
	author = {Tucker, Warwick},
	title = {The Lorenz attractor exists},
	journal = {C. R. Acad. Sci. Paris},
	volume = {328},
	pages = {1197 - 1202},
	year = {1999}
}

@misc {
	NumJS,
	author = {Loisel, S{\'e}bastien},
	title = {Numeric Javascript},
	howpublished = {\url{http://www.numericjs.com/}}
}

@misc {
	Plotly,
	title = {plotly.js},
	howpublished = {\url{https://plot.ly/javascript/}}
}